<?xml version="1.0" encoding="UTF-8"?><collection xmlns="http://www.loc.gov/MARC21/slim"><record><leader>00347nam--2200121-i-4500</leader><controlfield tag="001">000026049</controlfield><controlfield tag="002">20161230</controlfield><controlfield tag="005">20161230201036</controlfield><controlfield tag="008">060222s1000------------r-----000-0-eng-d</controlfield><datafield ind1=" " ind2=" " tag="080"><subfield code="a">621:793.7</subfield></datafield><datafield ind1=" " ind2=" " tag="245"><subfield code="a">Exploatarea aparatelor de metalizare.traducere din limba rusa</subfield></datafield><datafield ind1=" " ind2=" " tag="260"><subfield code="a">Bucuresti, Institutul De Documentare Tehnica, 1956. 95p</subfield></datafield><datafield ind1=" " ind2=" " tag="852"><subfield code="a">26349</subfield></datafield></record></collection>